


@misc{placeholder.cite,
    series =    {NAME},
    number =    2131,
    howpublished =  {[online]},
    publisher = {Corp.},
    doi =       {10.17487/RFC2131},
    url =       {https://www.rfc-editor.org/info/rfc2131},
    author =    {Author},
    title =     {title},
    pagetotal = 45,
    year =      {2023},
    note = {[03.12.2023]},
}

